@inproceedings{Abadi2016,
  author = {Abadi, Mart\'in and Chu, Andy and Goodfellow, Ian and McMahan, H. Brendan and Mironov, Ilya and Talwar, Kunal and Zhang, Li},
  title = {Deep Learning with Differential Privacy},
  booktitle = {Proceedings of the 2016 ACM SIGSAC Conference on Computer and Communications Security},
  year = {2016},
  pages = {308--318},
  address = {Vienna, Austria},
  publisher = {ACM}
}

@inproceedings{Biggio2012,
  author = {Biggio, Battista and Nelson, Blaine and Laskov, Pavel},
  title = {Poisoning Attacks against Support Vector Machines},
  booktitle = {Proceedings of the 29th International Conference on Machine Learning},
  year = {2012},
  pages = {1467--1474},
  address = {Edinburgh, Scotland},
  publisher = {ICML}
}

@techreport{Bommasani2021,
  author = {Bommasani, Rishi and Hudson, Drew A. and Adeli, Ehsan and Altman, Russ and Arora, Simran and von Arx, Sydney and Bernstein, Michael S. and Bohg, Jeannette and Bosselut, Antoine and Brunskill, Emma and Brynjolfsson, Erik and Buch, Shubie and Card, Dallas and Castellon, Rodrigo and Chatterji, Nil-Jana and Chen, Annie and Creel, Kathleen and Davis, Jared Quincy and Demszky, Dorottya and Donahue, Chris and Doumbouya, Moussa and Durmus, Esin and Ermon, Stefano and Ethayarajh, Kawin and Farajtabar, Mehr-Sina and Finn, Chelsea and Goel, Sonal and Goodman, Noah D. and Grossman, Shelby and Gu, Stella and Hashimoto, Tatsunori and Henderson, Peter and Hewitt, John and Ho, Daniel E. and Hong, Jenny and Hsu, Kyle and Huang, Jing and Icard, Thomas and Jain, Saahil and Jurafsky, Dan and Kalluri, Pratyusha and Karamcheti, Siddharth and Koreeda, Geoff and Koyejo, Sanmi and Kraff, Max and Kumar, Ranjay and Ladhak, Faisal and Lee, Percy and Leskovec, Jure and Levent, Isabelle and Li, Xiang Lisa and Li, Xuechen and Liang, Percy and Liyanage, Tony and Ma, Tengyu and Malik, Abhay and Manning, Christopher D. and Mirchandani, Suvir and Mitchell, Eric and Munyikwa, Zanele and Mussmann, S and Narayan, Avanika and Narayanan, Deepak and Newman, Ben and Nie, Allen and Ni, Juan-Pablo and Nyarko, Kenneth and Olsson, C and Orr, L and Papadimitriou, I and Park, Joon-Sik and Piech, Chris and Portelance, Eva and Potts, Christopher and Raghunathan, Aditi and Reich, Rob and Ren, Hong-Shuo and Rong, Frieda and Roohani, Y and Ruiz, Camilo and Ryan, Jack and R\'e, Christopher and Sadigh, Dorsa and Sagawa, Shiori and Santhanam, Keshav and Seid, Andy and Shavit, Nimit and Sheng, Yuhuai and Shen, Kevin and Shin, J and Snell, C and Sra, S and Stead, L and Sun, Ruoxi and Sun, Y and Telgarsky, M and Tham, E and Thomas, A and Tram\`er, F and Vempala, S and Vo, A and Wang, J and Wang, W and Wu, B and Wu, J and Wu, Y and Zhang, J and Zhang, T and Zhang, X and Zhang, Y and Zhou, S and Zhou, J},
  title = {On the Opportunities and Risks of Foundation Models},
  institution = {Stanford Institute for Human-Centered Artificial Intelligence},
  year = {2021},
  address = {Stanford, CA}
}

@inproceedings{Carlini2017,
  author = {Carlini, Nicholas and Wagner, David},
  title = {Towards Evaluating the Robustness of Neural Networks},
  booktitle = {2017 IEEE Symposium on Security and Privacy (SP)},
  year = {2017},
  pages = {39--57},
  address = {San Jose, CA, USA},
  publisher = {IEEE}
}

@article{Chen2020,
  author = {Chen, Hongming and Engkvist, Ola and Wang, Yinhai and Olivecrona, Marcus and Blaschke, Thomas},
  title = {The Rise of Deep Learning in Drug Discovery},
  journal = {Drug Discovery Today},
  volume = {25},
  number = {6},
  pages = {1174--1184},
  year = {2020}
}

@inproceedings{Goodfellow2015,
  author = {Goodfellow, Ian J. and Shlens, Jonathon and Szegedy, Christian},
  title = {Explaining and Harnessing Adversarial Examples},
  booktitle = {International Conference on Learning Representations (ICLR)},
  year = {2015},
  address = {San Diego, CA, USA}
}

@article{Grigorescu2020,
  author = {Grigorescu, Sorin and Trasnea, Bogdan and Cocias, Tiberiu and Macesanu, Gabriel},
  title = {A Survey of Deep Learning Techniques for Autonomous Driving},
  journal = {Journal of Field Robotics},
  volume = {37},
  number = {3},
  pages = {362--386},
  year = {2020}
}

@article{Gu2017,
  author = {Gu, Tianyu and Dolan-Gavitt, Brendan and Garg, Siddharth},
  title = {BadNets: Identifying Vulnerabilities in the Machine Learning Model Supply Chain},
  journal = {arXiv preprint arXiv:1708.06733},
  year = {2017}
}

@article{Hinton2006,
  author = {Hinton, Geoffrey E. and Osindero, Simon and Teh, Yee-Whye},
  title = {A Fast Learning Algorithm for Deep Belief Nets},
  journal = {Neural Computation},
  volume = {18},
  number = {7},
  pages = {1527--1554},
  year = {2006}
}

@techreport{Kitchenham2007,
  author = {Kitchenham, Barbara and Charters, Stuart},
  title = {Guidelines for Performing Systematic Literature Reviews in Software Engineering},
  institution = {Keele University and Durham University},
  year = {2007},
  number = {EBSE 2007-001},
  address = {Keele, UK}
}

@inproceedings{Ma2018,
  author = {Ma, Xingjun and Li, Bo and Wang, Yisen and Erfani, Sarah M. and Wijewickrema, Sudanthi and Bailey, Grant and Houle, Michael E. and Rubinstein, Benjamin I. P.},
  title = {Characterizing Adversarial Subspaces Using Local Intrinsic Dimensionality},
  booktitle = {International Conference on Learning Representations (ICLR)},
  year = {2018},
  address = {Vancouver, BC, Canada}
}

@inproceedings{Madry2018,
  author = {Madry, Aleksander and Makelov, Aleksandar and Schmidt, Ludwig and Tsipras, Dimitris and Vladu, Adrian},
  title = {Towards Deep Learning Models Resistant to Adversarial Attacks},
  booktitle = {International Conference on Learning Representations (ICLR)},
  year = {2018},
  address = {Vancouver, BC, Canada}
}

@techreport{NIST2024,
  author = {{National Institute of Standards and Technology}},
  title = {AI Risk Management Framework (AI RMF 1.0)},
  institution = {National Institute of Standards and Technology},
  year = {2024},
  number = {NIST AI 100-1},
  address = {Gaithersburg, MD}
}

@article{OpenAI2023,
  author = {{OpenAI}},
  title = {GPT-4 Technical Report},
  journal = {arXiv preprint arXiv:2303.08774},
  year = {2023},
  address = {San Francisco, CA}
}

@inproceedings{Papernot2018,
  author = {Papernot, Nicolas and McDaniel, Patrick and Sinha, Arunesh and Wellman, Michael P.},
  title = {SoK: Security and Privacy in Machine Learning},
  booktitle = {2018 IEEE European Symposium on Security and Privacy (EuroS\&P)},
  year = {2018},
  pages = {399--414},
  address = {London, UK},
  publisher = {IEEE}
}

@inproceedings{Petersen2008,
  author = {Petersen, Kai and Feldt, Robert and Mujtaba, Shahid and Mattsson, Michael},
  title = {Systematic Mapping Studies in Software Engineering},
  booktitle = {12th International Conference on Evaluation and Assessment in Software Engineering (EASE)},
  year = {2008},
  pages = {68--77},
  address = {Bari, Italy},
  publisher = {ACM}
}

@article{Rajpurkar2017,
  author = {Rajpurkar, Pranav and Irvin, Jeremy and Zhu, Kai and Yang, Brandon and Mehta, Hershel and Duan, Tony and Ding, Daisy and Bagul, Aarti and Langlotz, Curtis and Shpanskaya, Katie and Lungren, Matthew P. and Ng, Andrew Y.},
  title = {CheXNet: Radiologist-Level Pneumonia Detection on Chest X-Rays with Deep Learning},
  journal = {arXiv preprint arXiv:1711.05225},
  year = {2017}
}

@book{Russell2022,
  author = {Russell, Stuart J. and Norvig, Peter},
  title = {Artificial Intelligence: A Modern Approach},
  edition = {4th},
  publisher = {Pearson},
  year = {2022},
  address = {Hoboken, NJ}
}

@inproceedings{Shokri2017,
  author = {Shokri, Reza and Stronati, Marco and Song, Cong and Shmatikov, Vitaly},
  title = {Membership Inference Attacks Against Machine Learning Models},
  booktitle = {2017 IEEE Symposium on Security and Privacy (SP)},
  year = {2017},
  pages = {3--18},
  address = {San Jose, CA, USA},
  publisher = {IEEE}
}

@inproceedings{Szegedy2014,
  author = {Szegedy, Christian and Zaremba, Wojciech and Sutskever, Ilya and Bruna, Joan and Erhan, Dumitru and Goodfellow, Ian and Fergus, Rob},
  title = {Intriguing Properties of Neural Networks},
  booktitle = {International Conference on Learning Representations (ICLR)},
  year = {2014},
  address = {Banff, AB, Canada}
}

@inproceedings{Tramer2016,
  author = {Tram\`er, Florian and Zhang, Fan and Juels, Ari and Reiter, Michael K. and Ristenpart, Thomas},
  title = {Stealing Machine Learning Models via Prediction {APIs}},
  booktitle = {25th {USENIX} Security Symposium ({USENIX} Security 16)},
  year = {2016},
  pages = {601--618},
  address = {Austin, TX, USA},
  publisher = {{USENIX} Association}
}

@inproceedings{Vaswani2017,
  author = {Vaswani, Ashish and Shazeer, Noam and Parmar, Niki and Uszkoreit, Jakob and Jones, Llion and Gomez, Aidan N. and Kaiser, \L{}ukasz and Polosukhin, Illia},
  title = {Attention Is All You Need},
  booktitle = {Advances in Neural Information Processing Systems 30 (NIPS 2017)},
  year = {2017},
  pages = {5998--6008},
  address = {Long Beach, CA, USA}
}

@inproceedings{Zhang2019,
  author = {Zhang, Hongyang and Yu, Yaodong and Jiao, Jiantao and Xing, Eric P. and El Ghaoui, Laurent and Jordan, Michael I.},
  title = {Theoretically Principled Trade-off between Robustness and Accuracy},
  booktitle = {Proceedings of the 36th International Conference on Machine Learning (ICML)},
  year = {2019},
  pages = {7472--7482},
  address = {Long Beach, CA, USA}
}

@article{Henrique2019,
    author = {Henrique, Bruno Miranda and Sobreiro, Vinicius Amorim and Kimura, Herbert},
    title = "{Literature review of algorithmic trading: A systematic mapping study}",
    journal = "{Journal of Financial Innovation}",
    year = "2019",
    volume = "5",
    number = "1",
    pages = "3",
    doi = "10.1186/s40854-018-0118-2"
}

@book{Anderson2020,
    author = {Anderson, Ross},
    title = "{Security Engineering: A Guide to Building Dependable Distributed Systems}",
    edition = "3rd",
    publisher = "Wiley",
    year = "2020"
}

@inproceedings{Cohen2019,
    author = {Cohen, Jeremy and Rosenfeld, Elan and Kolter, J. Zico},
    title = "{Certified Adversarial Robustness via Randomized Smoothing}",
    booktitle = "{Proceedings of the 36th International Conference on Machine Learning}",
    series = "Proceedings of Machine Learning Research",
    volume = "97",
    pages = "1310--1320",
    year = "2019",
    publisher = "PMLR"
}